<?xml version="1.0" encoding="UTF-8"?>
<collection xmlns:xsi="http://www.w3.org/2001/XMLSchema-instance" xsi:schemaLocation="http://www.loc.gov/MARC21/slim http://www.loc.gov/standards/marcxml/schema/MARC21slim.xsd" xmlns="http://www.loc.gov/MARC21/slim">
<record>
  <leader>01223cam a2200265Ma 4500</leader>
  <controlfield tag="001">3076282</controlfield>
  <controlfield tag="003">NNC</controlfield>
  <controlfield tag="005">20090421182043.0</controlfield>
  <controlfield tag="008">970429m19611962iq            001 0 ara d</controlfield>
  <datafield tag="035" ind1=" " ind2=" ">
    <subfield code="a">(OCoLC)ocm43243925</subfield>
  </datafield>
  <datafield tag="035" ind1=" " ind2=" ">
    <subfield code="9">ATP9867CU</subfield>
  </datafield>
  <datafield tag="035" ind1=" " ind2=" ">
    <subfield code="a">(NNC)3076282</subfield>
  </datafield>
  <datafield tag="040" ind1=" " ind2=" ">
    <subfield code="a">EQO</subfield>
    <subfield code="c">EQO</subfield>
    <subfield code="d">ZCU</subfield>
  </datafield>
  <datafield tag="099" ind1=" " ind2=" ">
    <subfield code="a">893.78</subfield>
    <subfield code="a">Az91</subfield>
  </datafield>
  <datafield tag="100" ind1="1" ind2=" ">
    <subfield code="a">ʻAzzāwī, ʻAbbās.</subfield>
  </datafield>
  <datafield tag="245" ind1="1" ind2="0">
    <subfield code="a">Tārīkh al-adab al-ʻArabī fī al-ʻIrāq :</subfield>
    <subfield code="b">yuḥaqqiqu aṭwār al-adab fī al-lughah wa-al-ʻulūm al-ʻArabīyah wa-al-nathr wa-al-naẓm wa-al-naqd al-adabī maʻa ṣilātihi bi-al-aqṭār al-ʻArabīyah wa-al-Islāmīyah /</subfield>
    <subfield code="c">li-ʻAbbās ʾal-ʻAzzāwī.</subfield>
  </datafield>
  <datafield tag="246" ind1="1" ind2="5">
    <subfield code="a">History of Arabic literature in Iraq</subfield>
  </datafield>
  <datafield tag="260" ind1=" " ind2=" ">
    <subfield code="a">[Baghdād] :</subfield>
    <subfield code="b">Maṭbaʻat al-Majmaʻ al-ʻIlmī al-ʻIrāqī,</subfield>
    <subfield code="c">1961-2.</subfield>
  </datafield>
  <datafield tag="300" ind1=" " ind2=" ">
    <subfield code="a">2 v ;</subfield>
    <subfield code="c">24 cm.</subfield>
  </datafield>
  <datafield tag="490" ind1="1" ind2=" ">
    <subfield code="a">Maṭbūʻāt al-Majmaʻ al-ʻIlmī al-ʻIrāqī</subfield>
  </datafield>
  <datafield tag="500" ind1=" " ind2=" ">
    <subfield code="a">Cover p.[4]: History of Arabic literature in Iraq.</subfield>
  </datafield>
  <datafield tag="505" ind1="0" ind2=" ">
    <subfield code="a">v.1. Min sanat 656H-1258M ilá sanat 941H-1534M-- v.2. Min sanat 941H-1534M ilá sanat 1335H-1917M</subfield>
  </datafield>
  <datafield tag="650" ind1=" " ind2="0">
    <subfield code="a">Arabic literature</subfield>
    <subfield code="z">Iraq</subfield>
    <subfield code="x">History and criticism.</subfield>
  </datafield>
  <datafield tag="830" ind1=" " ind2="0">
    <subfield code="a">Maṭbūʻāt al-Majmaʻ al-ʻIlmī al-ʻIrāqī.</subfield>
  </datafield>
  <datafield tag="955" ind1=" " ind2=" ">
    <subfield code="b">0315334198</subfield>
    <subfield code="d">glx</subfield>
    <subfield code="e">893.78 Az91</subfield>
    <subfield code="v">v.1</subfield>
  </datafield>
</record>
</collection>